<record><leader>00000cas a22000007a 4500</leader><controlfield tag="001">25624065</controlfield><controlfield tag="008">920410d18201823njuwr ne      0    0eng d</controlfield><datafield ind1=" " ind2=" " tag="010"><subfield code="a">sn 92061783 </subfield></datafield><datafield ind1=" " ind2=" " tag="040"><subfield code="a">NYS</subfield><subfield code="b">eng</subfield><subfield code="c">NYS</subfield><subfield code="d">NVK</subfield><subfield code="d">OCL</subfield><subfield code="d">OCLCQ</subfield><subfield code="d">OCLCF</subfield><subfield code="d">OCLCO</subfield></datafield><datafield ind1="1" ind2=" " tag="029"><subfield code="a">AU@</subfield><subfield code="b">000041960600</subfield></datafield><datafield ind1=" " ind2=" " tag="042"><subfield code="a">msc</subfield></datafield><datafield ind1=" " ind2=" " tag="043"><subfield code="a">n-us-nj</subfield></datafield><datafield ind1="0" ind2="4" tag="245"><subfield code="a">The Herald &amp; Gloucester farmer.</subfield></datafield><datafield ind1="3" ind2="0" tag="246"><subfield code="a">Herald and Gloucester farmer</subfield></datafield><datafield ind1=" " ind2=" " tag="260"><subfield code="a">Woodbury, N.J. :</subfield><subfield code="b">Philip J. Gray,</subfield><subfield code="c">1820-1823.</subfield></datafield><datafield ind1=" " ind2=" " tag="300"><subfield code="a">v.</subfield></datafield><datafield ind1=" " ind2=" " tag="310"><subfield code="a">Weekly</subfield></datafield><datafield ind1="0" ind2=" " tag="362"><subfield code="a">Vol. 2, no. 66 (Dec. 20, 1820)-v. 4, no. 184 (Mar. 26, 1823) = v. 4, no. 194-</subfield></datafield><datafield ind1=" " ind2=" " tag="515"><subfield code="a">Mar. 26, 1823 issue also numbered: Vol. 6, no. 312.</subfield></datafield><datafield ind1=" " ind2=" " tag="515"><subfield code="a">Jan. 3, 1821 issue misdated: Jan. 3, 1820.</subfield></datafield><datafield ind1=" " ind2=" " tag="530"><subfield code="a">Available on microfilm from Bell &amp; Howell.</subfield></datafield><datafield ind1=" " ind2="0" tag="651"><subfield code="a">Woodbury (N.J.)</subfield><subfield code="v">Newspapers.</subfield></datafield><datafield ind1=" " ind2="7" tag="655"><subfield code="a">Newspapers.</subfield><subfield code="2">fast</subfield><subfield code="0">(OCoLC)fst01423814</subfield></datafield><datafield ind1=" " ind2="7" tag="651"><subfield code="a">New Jersey</subfield><subfield code="z">Woodbury.</subfield><subfield code="2">fast</subfield><subfield code="0">(OCoLC)fst01209337</subfield></datafield><datafield ind1=" " ind2=" " tag="752"><subfield code="a">United States</subfield><subfield code="b">New Jersey</subfield><subfield code="c">Gloucester</subfield><subfield code="d">Woodbury.</subfield></datafield><datafield ind1="0" ind2="4" tag="780"><subfield code="t">Columbian herald (Woodbury, N.J.)</subfield><subfield code="w">(DLC)sn 87068054</subfield></datafield><datafield ind1="0" ind2="4" tag="780"><subfield code="t">Gloucester farmer</subfield><subfield code="w">(DLC)sn 85025191</subfield></datafield><datafield ind1="0" ind2="0" tag="785"><subfield code="t">Herald and Gloucester farmer and weekly advertiser</subfield><subfield code="w">(DLC)sn 87068082</subfield></datafield></record>